@book{dirac,
	title={The Principles of Quantum Mechanics},
	author={Paul Adrien Maurice Dirac},
	isbn={9780198520115},
	series={International series of monographs on physics},
	year={1981},
	publisher={Clarendon Press},
	keywords = {physics}
}

@book{lamport1994latex,
	title={LATEX: A Document Preparation System : User's Guide and Reference Manual},
	author={Lamport, L. and Bibby, D.},
	number={s. 2},
	isbn={9780201529838},
	lccn={93039691},
	series={Addison-Wesley Series on Tools},
	year={1994},
	publisher={Addison-Wesley}
}

@book{knuth1986texbook,
	title={The TeXbook},
	author={Knuth, D.E. and Knuth, D. and Bibby, D.},
	isbn={9780201134483},
	lccn={85030845},
	series={Computers \& typesetting},
	year={1986},
	publisher={Addison-Wesley}
}